<record><leader>00000cas a22000007a 4500</leader><controlfield tag="001">11770996</controlfield><controlfield tag="008">850306d19161921utuwr ne      0    0eng d</controlfield><datafield ind1=" " ind2=" " tag="010"><subfield code="a">sn 85058032 </subfield></datafield><datafield ind1=" " ind2=" " tag="040"><subfield code="a">UNP</subfield><subfield code="b">eng</subfield><subfield code="c">UNP</subfield><subfield code="d">OCLCQ</subfield></datafield><datafield ind1=" " ind2=" " tag="042"><subfield code="a">msc</subfield></datafield><datafield ind1="0" ind2="0" tag="245"><subfield code="a">Beaver County weekly press.</subfield></datafield><datafield ind1=" " ind2=" " tag="260"><subfield code="a">Beaver, Utah :</subfield><subfield code="b">K.S. Carlton,</subfield><subfield code="c">-1921.</subfield></datafield><datafield ind1=" " ind2=" " tag="300"><subfield code="a">v. :</subfield><subfield code="b">ill. ;</subfield><subfield code="c">56 cm.</subfield></datafield><datafield ind1=" " ind2=" " tag="310"><subfield code="a">Weekly</subfield></datafield><datafield ind1="1" ind2=" " tag="362"><subfield code="a">Began in 1916.</subfield><subfield code="z">Cf. Newspapers in microform, 1973-77.</subfield></datafield><datafield ind1="0" ind2=" " tag="362"><subfield code="a">-v. 11, no. 37 (Sept. 9, 1921).</subfield></datafield><datafield ind1=" " ind2=" " tag="588"><subfield code="a">Description based on: Vol. 14, no. 8 (Jan. 3, 1919).</subfield></datafield><datafield ind1=" " ind2=" " tag="752"><subfield code="a">United States</subfield><subfield code="b">Utah</subfield><subfield code="c">Beaver</subfield><subfield code="d">Beaver.</subfield></datafield><datafield ind1="0" ind2="0" tag="780"><subfield code="t">Weekly press (Beaver, Utah)</subfield><subfield code="w">(DLC)sn 85058031</subfield><subfield code="w">(OCoLC)11769419</subfield></datafield><datafield ind1="0" ind2="0" tag="785"><subfield code="t">Beaver City press</subfield><subfield code="w">(DLC)sn 85058033</subfield><subfield code="w">(OCoLC)11771036</subfield></datafield></record>